/Users/spors/Documents/latex/Bib/open_science.bib